@incollection{turing2009computing,
	title={Computing machinery and intelligence},
	author={Turing, Alan M},
	booktitle={Parsing the turing test},
	pages={23--65},
	year={2009},
	publisher={Springer}
}

@article{srinath2017python,
	title={Python--the fastest growing programming language},
	author={Srinath, KR},
	journal={International Research Journal of Engineering and Technology},
	volume={4},
	number={12},
	pages={354--357},
	year={2017}
}